% This file was created with JabRef 2.7b.
% Encoding: UTF-8

@STRING{humanoids = {IEEE/RAS International Conference on Humanoid Robots (Humanoids)}}

@INPROCEEDINGS{Asfour2006,
  author = {T. Asfour and K. Regenstein and P. Azad and J. Schr\"{o}der and N.
	Vahrenkamp and R. Dillmann},
  title = {{ARMAR-III: An Integrated Humanoid Platform for Sensory-Motor Control}},
  booktitle = humanoids,
  year = {2006},
  pages = {169--175},
  address = {Genova, Italy},
  month = {December},
  file = {Asfour2006b.pdf:Asfour2006b.pdf:PDF}
}

@ARTICLE{BenHur2008,
  author = {Ben-Hur, Asa and Weston, Jason},
  title = {A User's Guide to Support Vector Machines},
  journal = {Methods in Molecular Biology},
  year = {2008},
  volume = {609},
  pages = {223-239},
  citeulike-article-id = {5492729},
  citeulike-linkout-0 = {http://pyml.sourceforge.net/doc/howto.pdf},
  keywords = {svm},
  posted-at = {2009-08-20 19:51:14},
  priority = {3},
  url = {http://pyml.sourceforge.net/doc/howto.pdf}
}

@TECHREPORT{HsuLibsvmTutorial2003,
  author = {Hsu, Chih-Wei and Chang, Chih-Chung and Lin, Chih-Jen},
  title = {A Practical Guide to Support Vector Classification},
  institution = {Department of Computer Science, National Taiwan University},
  year = {2003},
  abstract = {Support vector machine (SVM) is a popular technique for classification.
	However, beginners who are not familiar with SVM often get unsatisfactory
	results since they miss some easy but significant steps. In this
	guide, we propose a simple procedure, which usually gives reasonable
	results.},
  added-at = {2009-07-08T16:22:45.000+0200},
  biburl = {http://www.bibsonomy.org/bibtex/2c04ef97dc3c3de168e684c3e4abe061b/zeno},
  interhash = {272d3522c22f3cf354b02c5ce6c4612a},
  intrahash = {c04ef97dc3c3de168e684c3e4abe061b},
  keywords = {guide libsvm svm tutorial},
  timestamp = {2009-07-08T16:22:45.000+0200},
  url = {http://www.csie.ntu.edu.tw/~cjlin/papers.html}
}

@BOOK{latexcompanion,
  title = {The LaTeX Companion},
  publisher = {Addison-Wesley},
  year = {2004},
  author = {Mittelbach, Frank and Goossens, Michel and Braams, Johannes and Carlisle,
	David and Rowley, Chris},
  edition = {2},
  month = {April}
}

@TECHREPORT{Staelin2002,
  author = {Staelin, Carl},
  title = {Parameter Selection for Support Vector Machines},
  institution = {HP Labs},
  year = {2002},
  abstract = {We present an algorithm for selecting support vector machine (SVM)
	meta-parameter values which is based on ideas from design of experiments
	(DOE) and demonstrate that it is robust and works effectively and
	efficiently on a variety of problems.},
  added-at = {2009-07-08T16:22:45.000+0200},
  biburl = {http://www.bibsonomy.org/bibtex/2c04ef97dc3c3de168e684c3e4abe061b/zeno},
  interhash = {272d3522c22f3cf354b02c5ce6c4612a},
  intrahash = {c04ef97dc3c3de168e684c3e4abe061b},
  keywords = {Support Vector Machines (SVM);Design of Experiments (DOE); meta-parameter
	selection},
  url = {http://www.hpl.hp.com/techreports/2002/HPL-2002-354R1.pdf}
}

